% 20147693
@Article{Braveman2010,
   Author="Braveman, P. A.  and Cubbin, C.  and Egerter, S.  and Williams, D. R.  and Pamuk, E. ",
   Title="{{S}ocioeconomic disparities in health in the {U}nited {S}tates: what the patterns tell us}",
   Journal="Am J Public Health",
   Year="2010",
   Volume="100 Suppl 1",
   Pages="S186--196",
   Month="Apr",
   Note={[PubMed Central:\href{https://www.ncbi.nlm.nih.gov/pmc/articles/PMC2837459}{PMC2837459}] [DOI:\href{https://dx.doi.org/10.2105/AJPH.2009.166082}{10.2105/AJPH.2009.166082}] [PubMed:\href{https://www.ncbi.nlm.nih.gov/pubmed/9756809}{9756809}] }
}

@Article{Flores2010,
   Author="Flores, G.  and Denne, S. C.  and Bauer, A. J.  and Cabana, M. D.  and Cheng, T. L.  and Flores, G.  and Notterman, D. A. ",
   Title="{{T}echnical report--racial and ethnic disparities in the health and health care of children}",
   Journal="Pediatrics",
   Year="2010",
   Volume="125",
   Number="4",
   Pages="e979-e1020",
   Month="Apr",
   Note={[DOI:\href{https://dx.doi.org/10.1542/peds.2010-0188}{10.1542/peds.2010-0188}] [PubMed:\href{https://www.ncbi.nlm.nih.gov/pubmed/20351000}{20351000}] }
}

% 27018733
@Article{Williams2016,
   Author="Williams, D. R.  and Priest, N.  and Anderson, N. B. ",
   Title="{{U}nderstanding associations among race, socioeconomic status, and health: {P}atterns and prospects}",
   Journal="Health Psychol",
   Year="2016",
   Volume="35",
   Number="4",
   Pages="407--411",
   Month="Apr",
   Note={[PubMed Central:\href{https://www.ncbi.nlm.nih.gov/pmc/articles/PMC4817358}{PMC4817358}] [DOI:\href{https://dx.doi.org/10.1037/hea0000242}{10.1037/hea0000242}] [PubMed:\href{https://www.ncbi.nlm.nih.gov/pubmed/9253218}{9253218}] }
}

% 27103768
@Article{Nesbitt2016,
   Author="Nesbitt, S.  and Palomarez, R. E. ",
   Title="{{R}eview: {I}ncreasing {A}wareness and {E}ducation on {H}ealth {D}isparities for {H}ealth {C}are {P}roviders}",
   Journal="Ethn Dis",
   Year="2016",
   Volume="26",
   Number="2",
   Pages="181--190",
   Month="Apr",
   Note={[PubMed Central:\href{https://www.ncbi.nlm.nih.gov/pmc/articles/PMC4836898}{PMC4836898}] [DOI:\href{https://dx.doi.org/10.18865/ed.26.2.181}{10.18865/ed.26.2.181}] [PubMed:\href{https://www.ncbi.nlm.nih.gov/pubmed/16507739}{16507739}] }
}

% 25418513
@Article{Graham_heartDispar_2015,
   Author="Graham, G. ",
   Title="{{D}isparities in cardiovascular disease risk in the {U}nited {S}tates}",
   Journal="Curr Cardiol Rev",
   Year="2015",
   Volume="11",
   Number="3",
   Pages="238--245",
   Note={[PubMed Central:\href{https://www.ncbi.nlm.nih.gov/pmc/articles/PMC4558355}{PMC4558355}] [DOI:\href{https://dx.doi.org/10.2174/1573403x11666141122220003}{10.2174/1573403x11666141122220003}] [PubMed:\href{https://www.ncbi.nlm.nih.gov/pubmed/15703508}{15703508}] }
}

% 28718431
@Article{Ozdemir_cancerDispar_2017,
   Author="Ozdemir, B. C.  and Dotto, G. P. ",
   Title="{{R}acial {D}ifferences in {C}ancer {S}usceptibility and {S}urvival: {M}ore {T}han the {C}olor of the {S}kin?}",
   Journal="Trends Cancer",
   Year="2017",
   Volume="3",
   Number="3",
   Pages="181--197",
   Month="03",
   Note={[PubMed Central:\href{https://www.ncbi.nlm.nih.gov/pmc/articles/PMC5518637}{PMC5518637}] [DOI:\href{https://dx.doi.org/10.1016/j.trecan.2017.02.002}{10.1016/j.trecan.2017.02.002}] [PubMed:\href{https://www.ncbi.nlm.nih.gov/pubmed/25056375}{25056375}] }
}

% 27230638
@Article{Bhupathiraju_obesityDiabetes_2016,
   Author="Bhupathiraju, S. N.  and Hu, F. B. ",
   Title="{{E}pidemiology of {O}besity and {D}iabetes and {T}heir {C}ardiovascular {C}omplications}",
   Journal="Circ. Res.",
   Year="2016",
   Volume="118",
   Number="11",
   Pages="1723--1735",
   Month="May",
   Note={[PubMed Central:\href{https://www.ncbi.nlm.nih.gov/pmc/articles/PMC4887150}{PMC4887150}] [DOI:\href{https://dx.doi.org/10.1161/CIRCRESAHA.115.306825}{10.1161/CIRCRESAHA.115.306825}] [PubMed:\href{https://www.ncbi.nlm.nih.gov/pubmed/9075814}{9075814}] }
}

% 21164098
@Article{Quinn_influenza_2011,
   Author="Quinn, S. C.  and Kumar, S.  and Freimuth, V. S.  and Musa, D.  and Casteneda-Angarita, N.  and Kidwell, K. ",
   Title="{{R}acial disparities in exposure, susceptibility, and access to health care in the {U}{S} {H}1{N}1 influenza pandemic}",
   Journal="Am J Public Health",
   Year="2011",
   Volume="101",
   Number="2",
   Pages="285--293",
   Month="Feb",
   Note={[PubMed Central:\href{https://www.ncbi.nlm.nih.gov/pmc/articles/PMC3020202}{PMC3020202}] [DOI:\href{https://dx.doi.org/10.2105/AJPH.2009.188029}{10.2105/AJPH.2009.188029}] [PubMed:\href{https://www.ncbi.nlm.nih.gov/pubmed/19461109}{19461109}] }
}

% 15229413
@Article{_tuberculosis_2004,
   Author="",
   Title="{{R}acial disparities in tuberculosis--selected southeastern states, 1991-2002}",
   Journal="MMWR Morb. Mortal. Wkly. Rep.",
   Year="2004",
   Volume="53",
   Number="25",
   Pages="556--559",
   Month="Jul",
   Note={[PubMed:\href{https://www.ncbi.nlm.nih.gov/pubmed/15229413}{15229413}] }
}

% 20724687
@Article{Burton_pneumonia_2010,
   Author="Burton, D. C.  and Flannery, B.  and Bennett, N. M.  and Farley, M. M.  and Gershman, K.  and Harrison, L. H.  and Lynfield, R.  and Petit, S.  and Reingold, A. L.  and Schaffner, W.  and Thomas, A.  and Plikaytis, B. D.  and Rose, C. E.  and Whitney, C. G.  and Schuchat, A. ",
   Title="{{S}ocioeconomic and racial/ethnic disparities in the incidence of bacteremic pneumonia among {U}{S} adults}",
   Journal="Am J Public Health",
   Year="2010",
   Volume="100",
   Number="10",
   Pages="1904--1911",
   Month="Oct",
   Note={[PubMed Central:\href{https://www.ncbi.nlm.nih.gov/pmc/articles/PMC2936986}{PMC2936986}] [DOI:\href{https://dx.doi.org/10.2105/AJPH.2009.181313}{10.2105/AJPH.2009.181313}] [PubMed:\href{https://www.ncbi.nlm.nih.gov/pubmed/18994664}{18994664}] }
}

@Article{COVID-NET_2020,
    Author="Garg S. and Kim L. and Whitaker M. and others",
    Title="{Hospitalization Rates and Characteristics of Patients Hospitalized with Laboratory-Confirmed Coronavirus Disease 2019 — COVID-NET, 14 States, March 1–30, 2020}",
    Journal="{MMWR Morb Mortal Wkly Rep}",
    Year="2020",
    Volume="69",
    Pages="458--464",
    NOTE={[\href{http://dx.doi.org/10.15585/mmwr.mm6915e3}{DOI}]}
}

@misc{NYS_COVID19_tracker,
    title="{New York State Covid-19 tracker}",
    howpublished={\href{https://covid19tracker.health.ny.gov/views/NYS-COVID19-Tracker/NYSDOHCOVID-19Tracker-Fatalities?%3Aembed=yes&%3Atoolbar=no&%3Atabs=n#/views/NYS%2dCOVID19%2dTracker/NYSDOHCOVID%2d19Tracker%2dFatalities}{https://covid19tracker.health.ny.gov/views/NYS-COVID19-Tracker}}
}

@misc{SuffolkWebMap,
    title="{Suffolk County Department of Health Services COVID-19 web-map}",
    howpublished={\url{https://gis.suffolkcountyny.gov/portal/apps/opsdashboard/index.html#/76a26a0c83634266aa9efc35bd4f1975}}
}

@misc{CensusReporter,
    title="{Census Reoprter}",
    howpublished={\url{https://censusreporter.org}}
}

@misc{ACS,
    title="{Press release: American Community Survey 2014-2018 5-Year Estimates}",
    howpublished={\url{https://www.census.gov/newsroom/press-releases/2019/acs-5-year.html}}
}
